@article{cabral_2018,
title = {Rapid and lasting gains from solving illegal fishing.},
author = {Cabral, Reniel B and Mayorga, Juan and Clemence, Michaela and Lynham, John and Koeshendrajana, Sonny and Muawanah, Umi and Nugroho, Duto and Anna, Zuzy and Mira and Ghofar, Abdul and Zulbainarni, Nimmi and Gaines, Steven D and Costello, Christopher},
pages = {650-658},
url = {http://www.nature.com/articles/s41559-018-0499-1},
year = {2018},
month = {apr},
urldate = {2018-03-19},
journal = {Nat Ecol Evol},
volume = {2},
number = {4},
issn = {2397-{334X}},
doi = {10.1038/s41559-018-0499-1},
pmid = {29572526},
f1000-projects = {PhD}
}

@article{burbidge_1988,
title = {Alternative transformations to handle extreme values of the dependent variable},
author = {Burbidge, John B. and Magee, Lonnie and Robb, A. Leslie},
pages = {123-127},
url = {http://www.tandfonline.com/doi/abs/10.1080/01621459.1988.10478575},
year = {1988},
month = {mar},
urldate = {2018-07-26},
journal = {J Am Stat Assoc},
volume = {83},
number = {401},
issn = {0162-1459},
doi = {10.1080/01621459.1988.10478575}
}

@techreport{card_2017,
title = {What do Editors Maximize? Evidence from Four Leading Economics Journals},
author = {Card, David and {DellaVigna}, Stefano},
publisher = {National Bureau of Economic Research},
url = {http://www.nber.org/papers/w23282.pdf},
year = {2017},
month = {mar},
urldate = {2018-07-26},
doi = {10.3386/w23282},
address = {Cambridge, {MA}}
}


@article{akaike_1974,
title = {A new look at the statistical model identification},
author = {Akaike, H.},
pages = {716-723},
url = {http://ieeexplore.ieee.org/lpdocs/epic03/wrapper.htm?arnumber=1100705},
year = {1974},
month = {dec},
day = {1},
urldate = {2018-07-26},
journal = {{IEEE} Trans Automat Contr},
volume = {19},
number = {6},
issn = {0018-9286},
doi = {10.1109/{TAC}.1974.1100705}
}

@article{newey_1987,
title = {A Simple, Positive Semi-Definite, Heteroskedasticity and Autocorrelation Consistent Covariance Matrix},
author = {Newey, Whitney K. and West, Kenneth D.},
pages = {703},
url = {http://www.jstor.org/stable/1913610?origin=crossref},
year = {1987},
month = {may},
urldate = {2018-07-26},
journal = {Econometrica},
volume = {55},
number = {3},
issn = {00129682},
doi = {10.2307/1913610}
}

@article{newey_1994,
title = {Automatic lag selection in covariance matrix estimation},
author = {Newey, W. K. and West, K. D.},
pages = {631-653},
url = {https://academic.oup.com/restud/article-lookup/doi/10.2307/2297912},
year = {1994},
month = {oct},
day = {1},
urldate = {2018-07-26},
journal = {Rev Econ Stud},
volume = {61},
number = {4},
issn = {0034-6527},
doi = {10.2307/2297912}
}

